@inproceedings{ghemawat2003google,
  title={The Google file system},
  author={Ghemawat, S. and Gobioff, H. and Leung, S.T.},
  booktitle={ACM SIGOPS Operating Systems Review},
  volume={37},
  number={5},
  pages={29--43},
  year={2003},
  organization={ACM}
}
